@article{tommy,
 author = {IT. Hielscher, M. Spiliopoulou, H. Völzke and J. Kühn},
 title = {Identifying Relevant Features for a Multi
factorial Disorder with Constraint Based Subspace Clustering},
journal = {2016 IEEE 29th International Symposium on Computer Based Medical Systems},
 issue_date = {Dublin, 2016, pp. 207212.doi: 10.1109/CBMS.2016.42}
} 

@article{App,
 author = {Yun Yang a , Zongze Li a , Wei Wang a , Dapeng Tao b},
 title = {An adaptive semi-supervised clustering approach via multiple density-based information},
 journal = {Neurocomputing 257 (2017) 193–205 },
 year = {2017},
 url = {https://doi.org/10.1016/j.neucom.2016.11.061}
} 

@article{adapt,
 author = {X.Liu,M.Li},
 title = {Integrated constraint based clustering algorithm for high dimensional data},
 journal = {Neurocomputing Volume 142},
 year = {2014},
 url = {http://dx.doi.org/10.1016/j.neucom.2014.04.013i}
} 

@article{mun,
 author = {K. Kailing, H.-P. Kriegel, P. Kr¨oger, and S. Wanka},
 title = {Ranking interesting subspaces for clustering high dimensional data},
 journal = {in Knowledge Discovery in Databases: PKDD 2003,Lecture Notes in Computer   Science, N. Lavrac, D. Gamberger,L. Todorovski, and H. Blockeel, Eds. Springer Berlin Heidelberg, , .},
 whatever = {vol. 2838, pp. 241–252}
 year = {2003},
 url = {http://dx.doi.org/10.1016/j.neucom.2014.04.013i}
}









